
@article{MRT10,
  title={The properties of equally weighted risk contribution portfolios},
  author={Maillard, S{\'e}bastien and Roncalli, Thierry and Te{\"\i}letche, J{\'e}r{\^o}me},
  journal={The Journal of Portfolio Management},
  volume={36},
  number={4},
  pages={60--70},
  year={2010},
  publisher={Institutional Investor Journals Umbrella}
}

@article{KM06,
  title={Estimating the global minimum variance portfolio},
  author={Kempf, Alexander and Memmel, Christoph},
  journal={Schmalenbach Business Review},
  volume={58},
  number={4},
  pages={332--348},
  year={2006},
  publisher={Springer}
}

@article{GF14,
  title={Improving portfolio allocation through covariance matrix filtering},
  author={Golden, Daron and Flint, Emlyn James},
  journal={Available at SSRN 2898074},
  year={2014}
}

@article{TM66,
  title={Can mutual funds outguess the market},
  author={Treynor, Jack and Mazuy, Kay},
  journal={Harvard business review},
  volume={44},
  number={4},
  pages={131--136},
  year={1966}
}

@article{DV17,
  title={Diversification and the realised volatility of equity portfolios},
  author={du Plessis, Hannes and van Rensburg, Paul},
  journal={Investment Analysts Journal},
  volume={46},
  number={3},
  pages={213--234},
  year={2017},
  publisher={Taylor \& Francis}
}

@article{B18,
  title={Determination and estimation of risk aversion coefficients},
  author={Bodnar, Taras and Okhrin, Yarema and Vitlinskyy, Valdemar and Zabolotskyy, Taras},
  journal={Computational Management Science},
  volume={15},
  number={2},
  pages={297--317},
  year={2018},
  publisher={Springer}
}

@incollection{RR15 ,
  title={Smart beta: Managing diversification of minimum variance portfolios},
  author={Richard, Jean-Charles and Roncalli, Thierry},
  booktitle={Risk-Based and Factor Investing},
  pages={31--63},
  year={2015},
  publisher={Elsevier}
}

@article{B91,
  title={Sensitivity analysis for mean-variance portfolio problems},
  author={Best, Michael J and Grauer, Robert R},
  journal={Management Science},
  volume={37},
  number={8},
  pages={980--989},
  year={1991},
  publisher={INFORMS}
}

@article{JM03,
  title={Risk reduction in large portfolios: Why imposing the wrong constraints helps},
  author={Jagannathan, Ravi and Ma, Tongshu},
  journal={The Journal of Finance},
  volume={58},
  number={4},
  pages={1651--1683},
  year={2003},
  publisher={Wiley Online Library}
}

@article{S64,
  title={Capital asset prices: A theory of market equilibrium under conditions of risk},
  author={Sharpe, William F},
  journal={The journal of finance},
  volume={19},
  number={3},
  pages={425--442},
  year={1964},
  publisher={Wiley Online Library}
}
@book{H23,
title={Lectures on Chacy's Problem in Linear Partial Differential Equations},
author={Hadamard, J},
year={1923},
publisher={Yale University Press}
}

@article{K10,
  title={In defense of optimization: the fallacy of 1/N},
  author={Kritzman, Mark and Page, S{\'e}bastien and Turkington, David},
  journal={Financial Analysts Journal},
  volume={66},
  number={2},
  pages={31--39},
  year={2010},
  publisher={Taylor \& Francis}
}
d
@book{H05,
  title={Rank-deficient and discrete ill-posed problems: numerical aspects of linear inversion},
  author={Hansen, Per Christian},
  volume={4},
  year={2005},
  publisher={Siam}
}

@article{J04, 
title={Guide to Calculation Methods for the FTSE/JSE Africa Index Series}, 
author ={{Johannesburg Stock Exchange}},
url={https://www.jse.co.za/content/JSEIndexClassificationandCodesItems/Calculation Guide.pdf}, 
year={2004}, 
month={Jan}}

@article{DGL07,
  title={Optimal versus naive diversification: How inefficient is the 1/N portfolio strategy?},
  author={DeMiguel, Victor and Garlappi, Lorenzo and Uppal, Raman},
  journal={The review of Financial studies},
  volume={22},
  number={5},
  pages={1915--1953},
  year={2007},
  publisher={Oxford University Press}
}

@article{C06,
  title={Minimum-variance portfolios in the US equity market},
  author={Clarke, Roger G and De Silva, Harindra and Thorley, Steven},
  journal={The Journal of Portfolio Management},
  volume={33},
  number={1},
  pages={10--24},
  year={2006},
  publisher={Institutional Investor Journals Umbrella}
}

@article{C11,
  title={Minimum-variance portfolio composition},
  author={Clarke, Roger and De Silva, Harindra and Thorley, Steven},
  journal={The Journal of Portfolio Management},
  volume={37},
  number={2},
  pages={31--45},
  year={2011},
  publisher={Institutional Investor Journals Umbrella}
}

@article{H91,
  title={The efficient market inefficiency of capitalization--weighted stock portfolios},
  author={Haugen, Robert A and Baker, Nardin L},
  journal={The Journal of Portfolio Management},
  volume={17},
  number={3},
  pages={35--40},
  year={1991},
  publisher={Institutional Investor Journals Umbrella}
}

@book{A14,
  title={Asset management: A systematic approach to factor investing},
  author={Ang, Andrew},
  year={2014},
  publisher={Oxford University Press}
}

@article{P07,
  title={Fundamentally flawed indexing},
  author={Perold, Andr{\'e} F},
  journal={Financial Analysts Journal},
  volume={63},
  number={6},
  pages={31--37},
  year={2007},
  publisher={Taylor \& Francis}
}

@article{JK81,
  title={Putting Markowitz theory to work},
  author={Jobson, J David and Korkie, Robert M},
  journal={The Journal of Portfolio Management},
  volume={7},
  number={4},
  pages={70--74},
  year={1981},
  publisher={Institutional Investor Journals Umbrella}
}

@article{M89,
  title={The Markowitz optimization enigma: Is ‘optimized’optimal?},
  author={Michaud, Richard O},
  journal={Financial Analysts Journal},
  volume={45},
  number={1},
  pages={31--42},
  year={1989},
  publisher={Taylor \& Francis}
}

@article{M52,
  title={Portfolio selection},
  author={Markowitz, Harry},
  journal={The journal of finance},
  volume={7},
  number={1},
  pages={77--91},
  year={1952},
  publisher={Wiley Online Library}
}

@article{K12,
  title={Regime shifts: Implications for dynamic strategies (corrected)},
  author={Kritzman, Mark and Page, Sebastien and Turkington, David},
  journal={Financial Analysts Journal},
  volume={68},
  number={3},
  pages={22--39},
  year={2012},
  publisher={Taylor \& Francis}
}

@article{C13,
  title={Properties of the most diversified portfolio},
  author={Choueifaty, Yves and Froidure, Tristan and Reynier, Julien},
  journal={Journal of investment strategies},
  volume={2},
  number={2},
  pages={49--70},
  year={2013}
}

@book{FHT01,
  title={The elements of statistical learning},
  author={Friedman, Jerome and Hastie, Trevor and Tibshirani, Robert},
  volume={1},
  number={10},
  year={2001},
  publisher={Springer series in statistics New York}
}

@article{MP08,
  title={Return forecasts and optimal portfolio construction: a quantile regression approach},
  author={Ma, Lingjie and Pohlman, Larry},
  journal={The European Journal of Finance},
  volume={14},
  number={5},
  pages={409--425},
  year={2008},
  publisher={Taylor \& Francis}
}

@book{EH16,
  title={Computer age statistical inference},
  author={Efron, Bradley and Hastie, Trevor},
  volume={5},
  year={2016},
  publisher={Cambridge University Press}
}

@article{M10,
  title={Factors on demand: building a platform for portfolio managers, risk managers and traders},
  author={Meucci, Attilio},
  journal={Risk},
  volume={23},
  number={7},
  pages={84--89},
  year={2010}
}

@article{K18,
  title={Reducing Estimation Risk in Mean-Variance Portfolios with Machine Learning},
  author={Kinn, Daniel},
  journal={arXiv preprint arXiv:1804.01764},
  year={2018}
}

@article{BHV05,
  title={Survival, look-ahead bias, and persistence in hedge fund performance},
  author={Baquero, Guillermo and Ter Horst, Jenke and Verbeek, Marno},
  journal={Journal of Financial and Quantitative analysis},
  volume={40},
  number={3},
  pages={493--517},
  year={2005},
  publisher={Cambridge University Press}
}

@article{LW04,
  title={Honey, I shrunk the sample covariance matrix},
  author={Ledoit, Olivier and Wolf, Michael},
  journal={The Journal of Portfolio Management},
  volume={30},
  number={4},
  pages={110--119},
  year={2004},
  publisher={Institutional Investor Journals Umbrella}
}

@article{S07,
  title={Can robust portfolio optimisation help to build better portfolios?},
  author={Scherer, Bernd},
  journal={Journal of Asset Management},
  volume={7},
  number={6},
  pages={374--387},
  year={2007},
  publisher={Springer}
}

@article{FD18,
  title={Extending risk budgeting for market regimes and quantile factor models},
  author={Flint, Emlyn James and Du Plooy, Simon},
  journal={Available at SSRN 3141739},
  year={2018}
}

@article{J13,
  title={Generalized risk-based investing},
  author={Jurczenko, Emmanuel and Michel, Thierry and Teiletche, Jerome},
  journal={Available at SSRN 2205979},
  year={2013}
}

@article{M04,
  title={Maximum drawdown},
  author={Magdon-Ismail, Malik and Atiya, Amir F},
  journal={Risk Magazine},
  volume={17},
  number={10},
  pages={99--102},
  year={2004}
}

@article{G01,
  title={A radial basis function method for global optimization},
  author={Gutmann, H-M},
  journal={Journal of global optimization},
  volume={19},
  number={3},
  pages={201--227},
  year={2001},
  publisher={Springer}
}

@inproceedings{D00,
  title={Ensemble methods in machine learning},
  author={Dietterich, Thomas G},
  booktitle={International workshop on multiple classifier systems},
  pages={1--15},
  year={2000},
  organization={Springer}
}

@inproceedings{SW17,
  title={Portfolio selection via subset resampling},
  author={Shen, Weiwei and Wang, Jun},
  booktitle={Thirty-First AAAI Conference on Artificial Intelligence},
  year={2017}
}

@article{AC02,
  title={Asymmetric correlations of equity portfolios},
  author={Ang, Andrew and Chen, Joseph},
  journal={Journal of financial Economics},
  volume={63},
  number={3},
  pages={443--494},
  year={2002},
  publisher={Elsevier}
}

@unpublished{CDG19,
    author  = {Chen, Liang and Dolado, J. Juan and Gonzalo, Jesus},
    title   = {Quantile factor models},
    year    = {2019},
    note    = {Working paper}
}

@article{KB78,
  title={Regression quantiles},
  author={Koenker, Roger and Bassett Jr, Gilbert},
  journal={Econometrica: journal of the Econometric Society},
  pages={33--50},
  year={1978},
  publisher={JSTOR}
}

@INPROCEEDINGS{R89,
    author = {Lawrence R. Rabiner},
    title = {A tutorial on Hidden Markov Models and selected applications in speech recognition},
    booktitle = {Proc. IEEE},
    year = {1989}
}

@INPROCEEDINGS{KH00,
    author = {Koenker, Rodger and Hallock, F. Kevin},
    title = {Quantile Regression an Introduction},
    booktitle = {Symposium on Econometric Tools},
    journal = {Journal of Economic Perspectives},
    year = {2000}
}

@article{BJD09,
  title={Sparse and stable Markowitz portfolios},
  author={Brodie, Joshua and Daubechies, Ingrid and De Mol, Christine and Giannone, Domenico and Loris, Ignace},
  journal={Proceedings of the National Academy of Sciences},
  volume={106},
  number={30},
  pages={12267--12272},
  year={2009},
  publisher={National Acad Sciences}
}

@article{C99,
  title={Optimal portfolios in good times and bad},
  author={Chow, George and Jacquier, Eric and Kritzman, Mark and Lowry, Kenneth},
  journal={Financial Analysts Journal},
  volume={55},
  number={3},
  pages={65--73},
  year={1999},
  publisher={Taylor \& Francis}
}

